/Users/stijn/Dropbox/Teksten/bibtex/complement.bib